<record><leader>00000cas a2200000 a 4500</leader><controlfield tag="001">12401574</controlfield><controlfield tag="008">850820d18851890ksuwr ne      0    0eng d</controlfield><datafield ind1=" " ind2=" " tag="010"><subfield code="a">sn 85029636 </subfield></datafield><datafield ind1=" " ind2=" " tag="040"><subfield code="a">KSH</subfield><subfield code="b">eng</subfield><subfield code="c">KSH</subfield><subfield code="d">NPT</subfield><subfield code="d">OCL</subfield><subfield code="d">OCLCQ</subfield></datafield><datafield ind1=" " ind2=" " tag="042"><subfield code="a">msc</subfield></datafield><datafield ind1="0" ind2=" " tag="130"><subfield code="a">Belleville democrat (Belleville, Kan. : 1885)</subfield></datafield><datafield ind1="1" ind2="4" tag="245"><subfield code="a">The Belleville democrat.</subfield></datafield><datafield ind1=" " ind2=" " tag="260"><subfield code="a">Belleville, Kan. :</subfield><subfield code="b">J. &amp; C.M. McLaury,</subfield><subfield code="c">-1890.</subfield></datafield><datafield ind1=" " ind2=" " tag="300"><subfield code="a">v. :</subfield><subfield code="b">ill. ;</subfield><subfield code="c">54-65 cm.</subfield></datafield><datafield ind1=" " ind2=" " tag="310"><subfield code="a">Weekly</subfield></datafield><datafield ind1="0" ind2=" " tag="362"><subfield code="a">-v. 6, no. 13 (Oct. 31, 1890).</subfield></datafield><datafield ind1="1" ind2=" " tag="362"><subfield code="a">Began in 1885.</subfield><subfield code="z">Cf. Rowell, 1886.</subfield></datafield><datafield ind1=" " ind2=" " tag="500"><subfield code="a">Published by W.J.A. Montgomery, July 25-Oct. 31, 1890.</subfield></datafield><datafield ind1=" " ind2=" " tag="525"><subfield code="a">Includes supplements.</subfield></datafield><datafield ind1=" " ind2=" " tag="588"><subfield code="a">Description based on: Vol. 1, no. 45 (June 18, 1886).</subfield></datafield><datafield ind1=" " ind2=" " tag="752"><subfield code="a">United States</subfield><subfield code="b">Kansas</subfield><subfield code="c">Republic</subfield><subfield code="d">Belleville.</subfield></datafield><datafield ind1="0" ind2="0" tag="780"><subfield code="t">Weekly record (Belleville, Kan.)</subfield><subfield code="w">(DLC)sn 85029552</subfield></datafield><datafield ind1="0" ind2="7" tag="785"><subfield code="t">Republic County press</subfield><subfield code="w">(DLC)sn 85029548</subfield></datafield><datafield ind1="0" ind2="7" tag="785"><subfield code="t">Belleville democrat-press</subfield><subfield code="w">(DLC)sn 85029642</subfield></datafield><datafield ind1="1" ind2=" " tag="029"><subfield code="a">AU@</subfield><subfield code="b">000022172045</subfield></datafield></record>